@article{yamagishi1986provision,
  title={The provision of a sanctioning system as a public good.},
  author={Yamagishi, Toshio},
  journal={Journal of Personality and social Psychology},
  volume={51},
  number={1},
  pages={110},
  year={1986},
  publisher={American Psychological Association}
}

@article{hetherington1998political,
  title={The political relevance of political trust},
  author={Hetherington, Marc J},
  journal={American political science review},
  volume={92},
  number={4},
  pages={791--808},
  year={1998},
  publisher={Cambridge University Press}
}

@article{levi2000political,
  title={Political trust and trustworthiness},
  author={Levi, Margaret and Stoker, Laura},
  journal={Annual review of political science},
  volume={3},
  number={1},
  pages={475--507},
  year={2000},
  publisher={Annual Reviews 4139 El Camino Way, PO Box 10139, Palo Alto, CA 94303-0139, USA}
}

@article{hoff2016striving,
  title={Striving for balance in economics: Towards a theory of the social determination of behavior},
  author={Hoff, Karla and Stiglitz, Joseph E},
  journal={Journal of Economic Behavior \& Organization},
  volume={126},
  pages={25--57},
  year={2016},
  publisher={Elsevier}
}

@article{harbaugh2003bargaining,
  title={Bargaining by children},
  author={Harbaugh, William T and Krause, Kate and Liday, Steven J},
  journal={University of Oregon Economics Working Paper No. 2002-4},
  doi={/10.2139/ssrn.436504},
  year={2003}
}

@article{beretta2017time,
  title={Time, Relations and Behaviors: Measuring the Transformative Power of Love-Based Community Life},
  author={Beretta, Simona and Maggioni, Mario A},
  journal={University of Notre Dame, Kellogg Institute for International Studies Working Paper No. 421-May2017},
  year={2017}
}

@article{fischbacher2013lies,
  title={Lies in disguise—an experimental study on cheating},
  author={Fischbacher, Urs and F{\"o}llmi-Heusi, Franziska},
  journal={Journal of the European Economic Association},
  volume={11},
  number={3},
  pages={525--547},
  year={2013},
  publisher={Oxford University Press}
}

@article{mischel1972cognitive,
  title={Cognitive and attentional mechanisms in delay of gratification.},
  author={Mischel, Walter and Ebbesen, Ebbe B and Raskoff Zeiss, Antonette},
  journal={Journal of Personality and Social Psychology},
  volume={21},
  number={2},
  pages={204},
  year={1972},
  publisher={American Psychological Association}
}

@article{maggioni2017life,
  title={Life’s about change. {H}ow relations transform individual attitudes, 
  choices, and behaviors},
  author={Maggioni, Mario A and Beretta, Simona},
  journal={Rivista Internazionale di Scienze Sociali},
  number={3},
  year={2017}
}

@article{costin1992friendship,
  title={Friendship as a facilitator of emotional responsiveness and prosocial interventions among young children.},
  author={Costin, Susan E and Jones, Diane C},
  journal={Developmental Psychology},
  volume={28},
  number={5},
  pages={941},
  year={1992},
  publisher={American Psychological Association}
}

@article{eisenberg1998contemporaneous,
  title={Contemporaneous and longitudinal prediction of children's sympathy from dispositional regulation and emotionality.},
  author={Eisenberg, Nancy and Fabes, Richard A and Shepard, Stephanie A and Murphy, Bridget C and Jones, Sarah and Guthrie, Ivanna K},
  journal={Developmental Psychology},
  volume={34},
  number={5},
  pages={910},
  year={1998},
  publisher={American Psychological Association}
}

@article{nowak2005evolution,
  title={Evolution of indirect reciprocity},
  author={Nowak, Martin A and Sigmund, Karl},
  year={2005},
  journal={Nature},
  volume={437},
  doi={doi:10.1038/nature04131},
  pages={1291--1298}
}

@article{trivers1971evolution,
  title={The evolution of reciprocal altruism},
  author={Trivers, Robert L},
  journal={The Quarterly review of biology},
  volume={46},
  number={1},
  pages={35--57},
  year={1971},
  publisher={Stony Brook Foundation, Inc.}
}

@article{hamilton1964genetical,
  title={The genetical evolution of social behaviour. II},
  author={Hamilton, William D},
  journal={Journal of Theoretical Biology},
  volume={7},
  number={1},
  pages={17--52},
  year={1964},
  publisher={Elsevier}
}

@article{rheingold1976sharing,
  title={Sharing in the second year of life},
  author={Rheingold, Harriet L and Hay, Dale F and West, Meredith J},
  journal={Child Development},
  pages={1148--1158},
  year={1976},
  publisher={JSTOR}
}

@book{whiting1975children,
  title={Children of six cultures: A psycho-cultural analysis.},
  author={Whiting, Beatrice B and Whiting, John W},
  year={1975},
  publisher={Harvard U Press}
}

@article{warneken2006altruistic,
  title={Altruistic helping in human infants and young chimpanzees},
  author={Warneken, Felix and Tomasello, Michael},
  journal={Science},
  volume={311},
  number={5765},
  pages={1301--1303},
  year={2006},
  publisher={American Association for the Advancement of Science}
}

@article{warneken2013development,
  title={The development of altruistic behavior: Helping in children and chimpanzees},
  author={Warneken, Felix},
  journal={Social Research},
  volume={80},
  number={2},
  pages={431--442},
  year={2013},
  publisher={JSTOR}
}

@article{rajhans2016children,
  title={Children’s altruistic behavior in context: The role of emotional responsiveness and culture},
  author={Rajhans, Purva and Altvater-Mackensen, Nicole and Vaish, Amrisha and Grossmann, Tobias},
  journal={Scientific Reports},
  volume={6},
  pages={24089},
  year={2016},
  publisher={Nature Publishing Group}
}


@article{fehr2003nature,
  title={The nature of human altruism},
  author={Fehr, Ernst and Fischbacher, Urs},
  journal={Nature},
  volume={425},
  number={6960},
  pages={785},
  year={2003},
  publisher={Nature Publishing Group}
}

@book{bowles2004microeconomics,
title={Microeconomics: Behavior, Institutions and Evolution},
author={Bowles, Samuel}, 
pages={93--126},
address={Princeton},
publisher={Princeton University Press}, 
year={2004}
}

@article{fehr2008egalitarianism,
  title={Egalitarianism in young children},
  author={Fehr, Ernst and Bernhard, Helen and Rockenbach, Bettina},
  journal={Nature},
  volume={454},
  number={7208},
  pages={1079--1083},
  year={2008},
  publisher={Nature Publishing Group},
  doi={10.1038/nature07155}
}

@article{olson2008foundations,
	title={Foundations of cooperation in young children},
	author={Olson, Kristina R and Spelke, Elizabeth S},
	journal={Cognition},
	volume={108},
	number={1},
	pages={222--231},
	year={2008},
	publisher={Elsevier}
}

@article{moore2009fairness,
	title={Fairness in children's resource allocation depends on the recipient},
	author={Moore, Chris},
	journal={Psychological Science},
	volume={20},
	number={8},
	pages={944--948},
	year={2009},
	publisher={SAGE Publications}
}

@article{dadda2016social,
	title={Social Preferences and Environmental Quality: Evidence from School Children in Sierra Leone},
	author={D'Adda, Giovanna and Levely, Ian},
	journal={Journal of African Economies},
	pages={159-199},
	volume={25},
	number={1},
	year={2016},
	doi={10.1093/jae/ejv019}
}

@book{figliosellin72,
  title={Delinquency in a birth cohort},
  author={Figlio, Robert M and Sellin, Thorsten and Wolfgang, Marvin E},
  year={1972},
  address={Chicago},
  publisher={University of Chicago Press},
}

@book{walmsley2013,
  title={World prison population list},
  author={Walmsley, Roy and others},
  year={2013},
  edition={tenth},
  address={London},
  publisher={International Centre for Prison Studies},
}

@article{viceisza2016,
  title={Creating a lab in the field: economics experiments for policymaking},
  author={Viceisza, Angelino CG},
  journal={Journal of Economic Surveys},
  volume={30},
  number={5},
  year={2016},
  pages={835--854}
}

@article{ariely2015,
  title={The (true) legacy of two really existing economic systems},
  journal={Munich Discussion Paper No: 2014–2026},
  author={Ariely, Dan and Garcia-Rada, Ximena and Hornuf, Lars and Mann, Heather},
  year={2015}
}

@article{kahneman1986,
  title={Fairness as a constraint on profit seeking: Entitlements in the market},
  author={Kahneman, Daniel and Knetsch, Jack L and Thaler, Richard},
  journal={The American Economic Review},
  volume={76},
  number={4},
  pages={728--741},
  year={1986},
}

@article{camerer1988,
  title={Experimental tests of a sequential equilibrium reputation model},
  author={Camerer, Colin and Weigelt, Keith},
  journal={Econometrica},
  pages={1--36},
  volume={56},
  number={1},
  year={1988},
}

@article{ashraf2006,
title={Decomposing trust and trustworthiness},
author={Ashraf, Nava and Bohnet, Iris and Piankov, Nikita},
journal={Experimental economics},
year={2006},
pages={193--208},
volume={9},
number={3}, 
}

@article{berg1995,
title={Trust, reciprocity, and social history},
author={Berg, Joyce and Dickhaut, John and McCabe, Kevin},
journal={Games and economic behavior},
year={1995},
pages={122--142},
volume={10},
number={1}, 
}

@article{bickel2001,
title={Toward a behavioral economic understanding of drug dependence: delay discounting processes},
author={Bickel, Warren K and Marsch, Lisa A},
journal={Addiction},
year={2001},
pages={73--86},
volume={96},
number={1}, 
}

@article{blanco2011,
title={A within-subject analysis of other-regarding preferences},
author={Blanco, Marianna and Engelmann, Dirk and Normann, Hans-Theo},
journal={Games and economic behavior},
year={2011},
pages={321--338},
volume={72},
number={2}, 
}


@book{camerer2003,
title={Behavioral game theory: Experiments in strategic interaction},
author={Camerer, Colin},
address={Princeton},
year={2003},
publisher={Princeton University Press}, 
}

@article{engel2011dictator,
  title={Dictator games: a meta study},
  author={Engel, Christoph},
  journal={Experimental Economics},
  volume={14},
  number={4},
  pages={583--610},
  year={2011}
}

@InBook{enright1991,
chapter   = {1},
pages     = {123--152},
title     = {The moral development of forgiveness},
booktitle={Handbook of moral behavior and development},
publisher = {Erlbaum},
address={Hillsdale, NJ},  
year      = {1991},
author    = {Enright, Robert D and The Human Development Study Group},
editor    = {Kurtines, William M. and Gewirtz, Jacob L.},
}

@article{enright1996,
pages     = {107--126},
title     = {Counseling within the forgiveness triad: On forgiving, receiving forgiveness, and self-forgiveness},
journal={Counseling and values},
year      = {1996},
author    = {Enright, Robert D and The Human Development Study Group},
volume={40}
}

@article{exline2006,
title={Self-forgiveness versus excusing: The roles of remorse, effort, and acceptance of responsibility},
author={Exline, Julie J and Fisher, Mickie L},
journal={Self and identity},
volume={5},
number={2},
pages={127--146}
}

@article{fehr1999theory,
title={A theory of fairness, competition, and cooperation},
author={Fehr, Ernst and Schmidt, Klaus M},
journal={Quarterly journal of Economics},
volume={114},
number={3},
pages={817--868},
year={1999}
}

@inbook{fong2006strong,
title={Strong reciprocity and the welfare state},
author={Fong, Christina M and Bowles, Samuel and Gintis, Herbert},
booktitle={Handbook of the economics of giving, altruism and reciprocity},
chapter={2},
year={2006},
pages={1439--1464}
}

@article{gualamittone2010,
author={Guala, Francesco and Mittone, Luigi},
title={Paradigmatic experiments: the {D}ictator {G}ame},
journal={The Journal of Socio-Economics},
year={2010},
volume={39},
number={5},
pages={578--584}
}

@article{guth1982,
author={G{\"u}th, Werner and Schmittberger, Rolf and Schwarze, Bernd},
title={An experimental analysis of ultimatum bargaining},
journal={Journal of economic behavior & organization},
year={1982},
volume={3},
number={4},
pages={367--388}
}

@article{hallfincham2005,
author={Hall, Julie H and Fincham, Frank D},
title={Self-forgiveness: The stepchild of forgiveness research},
journal={Journal of Social and Clinical Psychology},
year={2005},
volume={24},
number={5},
pages={621--637}
}

@article{noelmislin2011,
author={Johnson, Noel D and Mislin, Alexandra A},
title={Trust games: A meta-analysis},
journal={Journal of Economic Psychology},
year={2011},
volume={32},
number={5},
pages={865--889}
}

@article{paglieri2013,
author={Paglieri, Fabio},
title={The costs of delay: Waiting versus postponing in intertemporal choice},
journal={Journal of the Experimental Analysis of Behavior},
year={2013},
volume={99},
number={3},
pages={362--377}
}

@article{roberts1995,
author={Roberts, Robert C},
title={Forgivingness},
journal={American Philosophical Quarterly},
year={1995},
volume={32},
number={34},
pages={289--306}
}

@article{suwartono2007,
title={Effect of culture on forgivingness: A Southern Asia--Western Europe comparison},
author={Suwartono, Christiany and Yeti Prawasti, Cicilia and Mullet, Etienne},
journal={Personality and Individual Differences},
volume={42},
number={3},
pages={513--523},
year={2007},
}

@article{paulle2017,
title={Stumbling on the rehabilitation gold? Foucalt vs. Foucalt in San Quentin and beyond},
author={Paulle, B},
journal={Ethnography},
volume={forthcoming},
year={2017}
}

@article{bono2007,
title={Forgiveness, feeling connected to others, and well-being: Two longitudinal studies},
author={Bono, Giacomo and McCullough, Michael E and Root, Lindsey M},
journal={Personality and Social Psychology Bulletin},
year={2007},
volume={34},
number={2},
pages={182--195}
}

@article{johnson2011,
title={Trust games: A meta-analysis},
author={Johnson, Noel D and Mislin, Alexandra A},
journal={Journal of Economic Psychology},
volume={32},
number={5},
pages={865--889},
year={2011},
}

@article{desmet2011, 
  title={Trust recovery following voluntary or forced financial compensations in the trust game: The role of trait forgiveness},
  author={Desmet, Pieter TM and De Cremer, David and van Dijk, Eric},
  journal={Personality and Individual Differences},
  volume={51},
  number={3},
  pages={267--273},
  year={2011},
  publisher={Elsevier}
}

@article {papkewoolridge96,
author = {Papke, Leslie E and Wooldridge, Jeffrey M},
title = {Econometric methods for fractional response variables with an application to 401(k) plan participation rates},
journal = {Journal of Applied Econometrics},
volume = {11},
number = {6},
pages = {619--632},
year = {1996},
}

@article{bottom2006,
  title={Building a pathway to cooperation: Negotiation and social exchange between principal and agent},
  author={Bottom, William P and Holloway, James and Miller, Gary J and Mislin, Alexandra and Whitford, Andrew},
  journal={Administrative Science Quarterly},
  volume={51},
  number={1},
  pages={29--58},
  year={2006},
}

@article{sanfey2003,
  title={The neural basis of economic decision-making in the ultimatum game},
  author={Sanfey, Alan G and Rilling, James K and Aronson, Jessica A and Nystrom, Leigh E and Cohen, Jonathan D},
  journal={Science},
  volume={300},
  number={5626},
  pages={1755--1758},
  year={2003}
}

@article{sutter2007,
  title={Trust and trustworthiness across different age groups},
  author={Sutter, Matthias and Kocher, Martin G},
  journal={Games and Economic Behavior},
  volume={59},
  number={2},
  pages={364--382},
  year={2007}
}

@article{haney2003,
  title={The psychological impact of incarceration: Implications for post-prison adjustment},
  author={Haney, Craig and others},
  journal={Prisoners once removed: The impact of incarceration and reentry on children, families, and communities},
  volume={33},
  pages={66},
  year={2003},
  publisher={Urban Institute Press Washington, DC}
}

@article{mccorkle1992,
  title={Personal precautions to violence in prison},
  author={McCorkle, Richard C},
  journal={Criminal justice and behavior},
  volume={19},
  number={2},
  pages={160--173},
  year={1992},
  publisher={Sage Publications}
}

@article{lynchsabol2004,
author = {Lynch, James P and Sabol, William J.},
title = {Assessing the effects of mass incarceration on informal social control in communities},
journal = {Criminology \& Public Policy},
volume = {3},
number = {2},
issn = {1745-9133},
url = {http://dx.doi.org/10.1111/j.1745-9133.2004.tb00042.x},
doi = {10.1111/j.1745-9133.2004.tb00042.x},
pages = {267--294},
year = {2004},
}

@inbook{prison2014,
author = {Naderi, Nader},
title = {Prisonization},
booktitle = {The Encyclopedia of Criminology and Criminal Justice},
editor = {Albanese, Jay S},
publisher = {Blackwell Publishing Ltd},
isbn = {9781118517383},
doi = {10.1002/9781118517383.wbeccj124},
year = {2014},
}

@article{morenoff2014,
  title={Incarceration, prisoner reentry, and communities},
  author={Morenoff, Jeffrey D and Harding, David J},
  journal={Annual review of sociology},
  volume={40},
  pages={411--429},
  year={2014},
  publisher={Annual Reviews},
  doi={10.1146/annurev-soc-071811-145511}
}

@article{wakefield2010,
  title={Incarceration and stratification},
  author={Wakefield, Sara and Uggen, Christopher},
  journal={Annual review of sociology},
  volume={36},
  pages={387--406},
  year={2010},
  publisher={Annual Reviews}
}

@article{zingraff1975,
  author={Zingraff, Matthew T},
  title={Prisonization as an inhibitor of effective resocialization},
  journal={Criminology},
  year={1975},
  volume={13},
  number={3},
  pages={366--388},
  doi={10.1111/j.1745-9125.1975.tb00674.x},
}

@article{twenge2007,
  title={Social exclusion decreases prosocial behavior.},
  author={Twenge, Jean M and Baumeister, Roy F and DeWall, C Nathan and Ciarocco, Natalie J and Bartels, J Michael},
  journal={Journal of personality and social psychology},
  volume={92},
  number={1},
  pages={56},
  year={2007},
  publisher={American Psychological Association}
}

@article{forsythe1994,
  title={Fairness in simple bargaining experiments},
  author={Forsythe, Robert and Horowitz, Joel L and Savin, Nathan E and Sefton, Martin},
  journal={Games and Economic Behavior},
  volume={6},
  number={3},
  pages={347--369},
  year={1994},
  publisher={Elsevier}
}

@article{rabin1993,
  title={Incorporating fairness into game theory and economics},
  author={Rabin, Matthew},
  journal={The American economic review},
  pages={1281--1302},
  volume={83},
  number={5},
  year={1993},
  publisher={JSTOR}
}

@article{andreoni1990,
  title={Impure altruism and donations to public goods: A theory of warm-glow giving},
  author={Andreoni, James},
  journal={The economic journal},
  volume={100},
  number={401},
  pages={464--477},
  year={1990},
  doi={doi.org/10.2307/2234133}
}

@article{burks2003,
  title={Playing both roles in the trust game},
  author={Burks, Stephen V and Carpenter, Jeffrey P and Verhoogen, Eric},
  journal={Journal of Economic Behavior \& Organization},
  volume={51},
  number={2},
  pages={195--216},
  year={2003}
}
@article{newman2011,
  title={Brown v. Plata: prison overcrowding in California.},
  author={Newman, William J and Scott, Charles L},
  journal={The journal of the American Academy of Psychiatry and the Law},
  volume={40},
  number={4},
  pages={547--552},
  year={2011}
}
@article{petersilia2014,
  title={California prison downsizing and its impact on local criminal justice systems},
  author={Petersilia, Joan},
  journal={Harvard Law \& Policy Review},
  volume={8},
  number={2},
  year={2014}
}

@article{pelucchi2013,
  title={Self-forgiveness in romantic relationships: It matters to both of us.},
  author={Pelucchi, Sara and Paleari, F Giorgia and Regalia, Camillo and Fincham, Frank D},
  journal={Journal of Family Psychology},
  volume={27},
  number={4},
  pages={541},
  year={2013},
  publisher={American Psychological Association}
}

@article{mullet2004,
  title={Conceptualizations of forgiveness},
  author={Mullet, Etienne and Girard, Michelle and Bakhshi, Parul},
  journal={European psychologist},
  volume={9},
  number={2},
  pages={78--86},
  year={2004},
  publisher={Hogrefe \& Huber Publishers}
}

@article{chiaramello2008,
  title={Seeking forgiveness: Factor structure, and relationships with personality and forgivingness},
  author={Chiaramello, St{\'e}phanie and Sastre, Maria Teresa Mu{\~n}oz and Mullet, Etienne},
  journal={Personality and Individual Differences},
  volume={45},
  number={5},
  pages={383--388},
  year={2008},
  publisher={Elsevier}
}

@article{caliendo2008,
  title={Some practical guidance for the implementation of propensity score matching},
  author={Caliendo, Marco and Kopeinig, Sabine},
  journal={Journal of economic surveys},
  volume={22},
  number={1},
  pages={31--72},
  year={2008},
  publisher={Wiley Online Library}
}

@article{stuart2014,
  title={Using propensity scores in difference-in-differences models to estimate the effects of a policy change},
  author={Stuart, Elizabeth A and Huskamp, Haiden A and Duckworth, Kenneth and Simmons, Jeffrey and Song, Zirui and Chernew, Michael E and Barry, Colleen L},
  journal={Health Services and Outcomes Research Methodology},
  volume={14},
  number={4},
  pages={166--182},
  year={2014},
  publisher={Springer}
}

@article{becker2002ichino,
  title={Estimation of average treatment effects based on propensity scores},
  author={Becker, Sascha O and Ichino, Andrea and others},
  journal={The stata journal},
  volume={2},
  number={4},
  pages={358--377},
  year={2002}
}

@article{lechner2002program,
  title={Program heterogeneity and propensity score matching: An application to the evaluation of active labor market policies},
  author={Lechner, Michael},
  journal={Review of Economics and Statistics},
  volume={84},
  number={2},
  pages={205--220},
  year={2002},
  publisher={MIT Press}
}

@article{rosenbaum1983,
  title={The central role of the propensity score in observational studies for causal effects},
  author={Rosenbaum, Paul R and Rubin, Donald B},
  journal={Biometrika},
  volume={70},
  number={1},
  pages={41--55},
  year={1983},
  publisher={JSTOR}
}

@article{dehejia2002,
  title={Propensity score-matching methods for nonexperimental causal studies},
  author={Dehejia, Rajeev H and Wahba, Sadek},
  journal={Review of Economics and statistics},
  volume={84},
  number={1},
  pages={151--161},
  year={2002},
  publisher={MIT Press}
}

@article{harrison2004taxonomy,
  title={Field experiments},
  author={Harrison, Glenn W and List, John A},
  journal={Journal of Economic literature},
  volume={42},
  number={4},
  pages={1009--1055},
  year={2004},
  publisher={American Economic Association}
}

@unpublished{gibsonlight2016mustwork,
  title        = {Must Work for Food: The Politics of Nutrition and Informal Economy in an American Prison},
  year         = {2016},
  author       = {Gibson-Light, Michael},
  address      = {Seattle},
  note         = {Paper presented at the 111th ASA Annual Meeting, Seattle, 20-23 August}
}

@unpublished{Multistate2015,
     title = {Multistate Criminal History Patterns of Prisoners Released in 30 States},
     year = {2015},
     author = {Durose,Matthew R and Snyder,Howard N and Cooper, Alexia D.},
  note    = {Special Report, Bureau of Justice Statistics},
 }

@article{rousseau1998not,
  title={Not so different after all: A cross-discipline view of trust},
  author={Rousseau, Denise M and Sitkin, Sim B and Burt, Ronald S and Camerer, Colin},
  journal={Academy of management review},
  volume={23},
  number={3},
  pages={393--404},
  year={1998},
  publisher={Academy of Management}
}

@article{mayer1995integrative,
  title={An integrative model of organizational trust},
  author={Mayer, Roger C and Davis, James H and Schoorman, F David},
  journal={Academy of management review},
  volume={20},
  number={3},
  pages={709--734},
  year={1995},
  publisher={Academy of Management}
}

@article{guiso2008trusting,
  title={Trusting the stock market},
  author={Guiso, Luigi and Sapienza, Paola and Zingales, Luigi},
  journal={the Journal of Finance},
  volume={63},
  number={6},
  pages={2557--2600},
  year={2008},
  publisher={Wiley Online Library}
}

@article{sapienza2013understanding,
  title={Understanding trust},
  author={Sapienza, Paola and Toldra-Simats, Anna and Zingales, Luigi},
  journal={The Economic Journal},
  volume={123},
  number={573},
  pages={1313--1332},
  year={2013},
  publisher={Wiley Online Library}
}

@article{chuang2015stability,
  title={Stability of experimental and survey measures of risk, time, and social preferences: A review and some new results},
  author={Chuang, Yating and Schechter, Laura},
  journal={Journal of Development Economics},
  volume={117},
  pages={151--170},
  year={2015},
  publisher={Elsevier}
}

@article{glaeser2000measuring,
  title={Measuring trust},
  author={Glaeser, Edward L and Laibson, David I and Scheinkman, Jose A and Soutter, Christine L},
  journal={The Quarterly Journal of Economics},
  volume={115},
  number={3},
  pages={811--846},
  year={2000},
  publisher={Oxford University Press}
}

@book{putnam1993,
	ISBN = {9780691037387},
	author = {Robert D. Putnam},
	publisher = {Princeton University Press},
	address ={Princeton},
	title = {Making Democracy Work: Civic Traditions in Modern Italy},
	year = {1993}
}

@book{fukuyama1995trust,
	title={Trust: The social virtues and the creation of prosperity},
	author={Fukuyama, Francis},
	address = {New York},
	year={1995},
	publisher={Free Press Paperbacks}
}

@article{fehr2009economics,
	title={On the economics and biology of trust},
	author={Fehr, Ernst},
	journal={Journal of the european economic association},
	volume={7},
	number={2-3},
	pages={235--266},
	year={2009},
	publisher={Wiley Online Library}
}

@article{paulle2017stumbling,
author = {Bowen Paulle},
title = {Stumbling on the rehabilitation gold? Foucault vs. Foucault in San Quentin and beyond},
journal = {Ethnography},
volume = {0},
number = {0},
pages = {0},
year = {2017},
doi = {10.1177/1466138116686803},
eprint = {      http://dx.doi.org/10.1177/1466138116686803}
,
}

@article{blattman2017reducing,
  title={Reducing crime and violence: Experimental evidence from cognitive behavioral therapy in Liberia},
  author={Blattman, Christopher and Jamison, Julian C and Sheridan, Margaret},
  journal={The American Economic Review},
  volume={107},
  number={4},
  pages={1165--1206},
  year={2017},
  publisher={American Economic Association}
}

@book{warren1999democracy,
  title={Democracy and trust},
  author={Warren, Mark E},
  year={1999},
  publisher={Cambridge University Press},
  address={Cambridge}
}

@article{knack1997does,
  title={Does social capital have an economic payoff? A cross-country investigation},
  author={Knack, Stephen and Keefer, Philip},
  journal={The Quarterly journal of economics},
  volume={112},
  number={4},
  pages={1251--1288},
  year={1997},
  publisher={Oxford University Press}
}

@incollection{grimalda2011,
  title={Generalized Trust: An Experimental Perspective},
  author={Grimalda, Gianluca and Mittone, Luigi},
  booktitle={Social Capital, Corporate Social Responsibility, Economic Behaviour and Performance},
  pages={260--281},
  year={2011},
  publisher={Palgrave Mac-Millan},
  address={London}
}

@article{guala2010paradigmatic,
  title={Paradigmatic experiments: the dictator game},
  author={Guala, Francesco and Mittone, Luigi},
  journal={The Journal of Socio-Economics},
  volume={39},
  number={5},
  pages={578--584},
  year={2010},
  publisher={Elsevier}
}

@incollection{grimalda2011generalized,
  title={Generalized Trust: An Experimental Perspective},
  author={Grimalda, Gianluca and Mittone, Luigi},
  booktitle={Social Capital, Corporate Social Responsibility, Economic Behaviour and Performance},
  pages={260--281},
  year={2011},
  publisher={Palgrave Mac-Millan},
  address={London}
}

@article{bucciol2013unethical,
  title={Unethical behavior in the field: Demographic characteristics and beliefs of the cheater},
  author={Bucciol, Alessandro and Landini, Fabio and Piovesan, Marco},
  journal={Journal of Economic Behavior \& Organization},
  volume={93},
  pages={248--257},
  year={2013},
  publisher={Elsevier}
}

@article{bucciol2011temptation,
  title={Temptation and productivity: A field experiment with children},
  author={Bucciol, Alessandro and Houser, Daniel and Piovesan, Marco},
  journal={Journal of Economic Behavior \& Organization},
  volume={78},
  number={1},
  pages={126--136},
  year={2011},
  publisher={Elsevier}
}

@article{shaw2014children,
  title={Children develop a veil of fairness.},
  author={Shaw, Alex and Montinari, Natalia and Piovesan, Marco and Olson, Kristina R and Gino, Francesca and Norton, Michael I},
  journal={Journal of Experimental Psychology: General},
  volume={143},
  number={1},
  pages={363},
  year={2014},
  publisher={American Psychological Association}
}

@book{figliosellin72,
  title={Delinquency in a birth cohort},
  author={Figlio, Robert M and Sellin, Thorsten and Wolfgang, Marvin E},
  year={1972},
  address={Chicago},
  publisher={University of Chicago Press},
}

@book{walmsley2013,
  title={World prison population list},
  author={Walmsley, Roy and others},
  year={2013},
  edition={tenth},
  address={London},
  publisher={International Centre for Prison Studies},
}

@article{viceisza2016,
  title={Creating a lab in the field: economics experiments for policymaking},
  author={Viceisza, Angelino CG},
  journal={Journal of Economic Surveys},
  volume={30},
  number={5},
  year={2016},
  pages={835--854}
}

@article{ashraf2006,
title={Decomposing trust and trustworthiness},
author={Ashraf, Nava and Bohnet, Iris and Piankov, Nikita},
journal={Experimental economics},
year={2006},
pages={193--208},
volume={9},
number={3}, 
}

@article{berg1995,
title={Trust, reciprocity, and social history},
author={Berg, Joyce and Dickhaut, John and McCabe, Kevin},
journal={Games and economic behavior},
year={1995},
pages={122--142},
volume={10},
number={1}, 
}

@article{bickel2001,
title={Toward a behavioral economic understanding of drug dependence: delay discounting processes},
author={Bickel, Warren K and Marsch, Lisa A},
journal={Addiction},
year={2001},
pages={73--86},
volume={96},
number={1}, 
}

@article{blanco2011,
title={A within-subject analysis of other-regarding preferences},
author={Blanco, Marianna and Engelmann, Dirk and Normann, Hans-Theo},
journal={Games and economic behavior},
year={2011},
pages={321--338},
volume={72},
number={2}, 
}

@article{engel2011dictator,
  title={Dictator games: a meta study},
  author={Engel, Christoph},
  journal={Experimental Economics},
  volume={14},
  number={4},
  pages={583--610},
  year={2011}
}

@InBook{enright1991,
chapter   = {1},
pages     = {123--152},
title     = {The moral development of forgiveness},
booktitle={Handbook of moral behavior and development},
publisher = {Erlbaum},
address={Hillsdale, NJ},  
year      = {1991},
author    = {Enright, Robert D and The Human Development Study Group},
editor    = {Kurtines, William M. and Gewirtz, Jacob L.},
}

@article{enright1996,
pages     = {107--126},
title     = {Counseling within the forgiveness triad: On forgiving, receiving forgiveness, and self-forgiveness},
journal={Counseling and values},
year      = {1996},
author    = {Enright, Robert D and The Human Development Study Group},
volume={40}
}

@article{exline2006,
title={Self-forgiveness versus excusing: The roles of remorse, effort, and acceptance of responsibility},
author={Exline, Julie J and Fisher, Mickie L},
journal={Self and identity},
volume={5},
number={2},
pages={127--146}
}

@article{guth1982,
author={G{\"u}th, Werner and Schmittberger, Rolf and Schwarze, Bernd},
title={An experimental analysis of ultimatum bargaining},
journal={Journal of economic behavior & organization},
year={1982},
volume={3},
number={4},
pages={367--388}
}

@article{hallfincham2005,
author={Hall, Julie H and Fincham, Frank D},
title={Self-forgiveness: The stepchild of forgiveness research},
journal={Journal of Social and Clinical Psychology},
year={2005},
volume={24},
number={5},
pages={621--637}
}

@article{noelmislin2011,
author={Johnson, Noel D and Mislin, Alexandra A},
title={Trust games: A meta-analysis},
journal={Journal of Economic Psychology},
year={2011},
volume={32},
number={5},
pages={865--889}
}

@article{paglieri2013,
author={Paglieri, Fabio},
title={The costs of delay: Waiting versus postponing in intertemporal choice},
journal={Journal of the Experimental Analysis of Behavior},
year={2013},
volume={99},
number={3},
pages={362--377}
}

@article{roberts1995,
author={Roberts, Robert C},
title={Forgivingness},
journal={American Philosophical Quarterly},
year={1995},
volume={32},
number={34},
pages={289--306}
}

@article{suwartono2007,
title={Effect of culture on forgivingness: A Southern Asia--Western Europe comparison},
author={Suwartono, Christiany and Yeti Prawasti, Cicilia and Mullet, Etienne},
journal={Personality and Individual Differences},
volume={42},
number={3},
pages={513--523},
year={2007},
}

@article{paulle2017,
title={Stumbling on the rehabilitation gold? Foucalt vs. Foucalt in San Quentin and beyond},
author={Paulle, B},
journal={Ethnography},
volume={forthcoming},
year={2017}
}

@article{bono2007,
title={Forgiveness, feeling connected to others, and well-being: Two longitudinal studies},
author={Bono, Giacomo and McCullough, Michael E and Root, Lindsey M},
journal={Personality and Social Psychology Bulletin},
year={2007},
volume={34},
number={2},
pages={182--195}
}

@article{johnson2011,
title={Trust games: A meta-analysis},
author={Johnson, Noel D and Mislin, Alexandra A},
journal={Journal of Economic Psychology},
volume={32},
number={5},
pages={865--889},
year={2011},
}

@article{desmet2011, 
  title={Trust recovery following voluntary or forced financial compensations in the trust game: The role of trait forgiveness},
  author={Desmet, Pieter TM and De Cremer, David and van Dijk, Eric},
  journal={Personality and Individual Differences},
  volume={51},
  number={3},
  pages={267--273},
  year={2011},
  publisher={Elsevier}
}

@article{bottom2006,
  title={Building a pathway to cooperation: Negotiation and social exchange between principal and agent},
  author={Bottom, William P and Holloway, James and Miller, Gary J and Mislin, Alexandra and Whitford, Andrew},
  journal={Administrative Science Quarterly},
  volume={51},
  number={1},
  pages={29--58},
  year={2006},
}

@article{sanfey2003,
  title={The neural basis of economic decision-making in the ultimatum game},
  author={Sanfey, Alan G and Rilling, James K and Aronson, Jessica A and Nystrom, Leigh E and Cohen, Jonathan D},
  journal={Science},
  volume={300},
  number={5626},
  pages={1755--1758},
  year={2003}
}

@article{sutter2007,
  title={Trust and trustworthiness across different age groups},
  author={Sutter, Matthias and Kocher, Martin G},
  journal={Games and Economic Behavior},
  volume={59},
  number={2},
  pages={364--382},
  year={2007}
}

@article{haney2003,
  title={The psychological impact of incarceration: Implications for post-prison adjustment},
  author={Haney, Craig and others},
  journal={Prisoners once removed: The impact of incarceration and reentry on children, families, and communities},
  volume={33},
  pages={66},
  year={2003},
  publisher={Urban Institute Press Washington, DC}
}

@article{mccorkle1992,
  title={Personal precautions to violence in prison},
  author={McCorkle, Richard C},
  journal={Criminal justice and behavior},
  volume={19},
  number={2},
  pages={160--173},
  year={1992},
  publisher={Sage Publications}
}

@article{lynchsabol2004,
author = {Lynch, James P and Sabol, William J.},
title = {Assessing the effects of mass incarceration on informal social control in communities},
journal = {Criminology \& Public Policy},
volume = {3},
number = {2},
issn = {1745-9133},
url = {http://dx.doi.org/10.1111/j.1745-9133.2004.tb00042.x},
doi = {10.1111/j.1745-9133.2004.tb00042.x},
pages = {267--294},
year = {2004},
}

@inbook{prison2014,
author = {Naderi, Nader},
title = {Prisonization},
booktitle = {The Encyclopedia of Criminology and Criminal Justice},
editor = {Albanese, Jay S},
publisher = {Blackwell Publishing Ltd},
isbn = {9781118517383},
doi = {10.1002/9781118517383.wbeccj124},
year = {2014},
}

@article{morenoff2014,
  title={Incarceration, prisoner reentry, and communities},
  author={Morenoff, Jeffrey D and Harding, David J},
  journal={Annual review of sociology},
  volume={40},
  pages={411--429},
  year={2014},
  publisher={Annual Reviews},
  doi={10.1146/annurev-soc-071811-145511}
}

@article{wakefield2010,
  title={Incarceration and stratification},
  author={Wakefield, Sara and Uggen, Christopher},
  journal={Annual review of sociology},
  volume={36},
  pages={387--406},
  year={2010},
  publisher={Annual Reviews}
}

@article{zingraff1975,
  author={Zingraff, Matthew T},
  title={Prisonization as an inhibitor of effective resocialization},
  journal={Criminology},
  year={1975},
  volume={13},
  number={3},
  pages={366--388},
  doi={10.1111/j.1745-9125.1975.tb00674.x},
}

@article{twenge2007,
  title={Social exclusion decreases prosocial behavior.},
  author={Twenge, Jean M and Baumeister, Roy F and DeWall, C Nathan and Ciarocco, Natalie J and Bartels, J Michael},
  journal={Journal of personality and social psychology},
  volume={92},
  number={1},
  pages={56},
  year={2007},
  publisher={American Psychological Association}
}

@article{rabin1993,
  title={Incorporating fairness into game theory and economics},
  author={Rabin, Matthew},
  journal={The American economic review},
  pages={1281--1302},
  volume={83},
  number={5},
  year={1993},
  publisher={JSTOR}
}

@article{andreoni1990,
  title={Impure altruism and donations to public goods: A theory of warm-glow giving},
  author={Andreoni, James},
  journal={The economic journal},
  volume={100},
  number={401},
  pages={464--477},
  year={1990},
  doi={doi.org/10.2307/2234133}
}

@article{burks2003,
  title={Playing both roles in the trust game},
  author={Burks, Stephen V and Carpenter, Jeffrey P and Verhoogen, Eric},
  journal={Journal of Economic Behavior \& Organization},
  volume={51},
  number={2},
  pages={195--216},
  year={2003}
}
@article{newman2011,
  title={Brown v. Plata: prison overcrowding in California.},
  author={Newman, William J and Scott, Charles L},
  journal={The journal of the American Academy of Psychiatry and the Law},
  volume={40},
  number={4},
  pages={547--552},
  year={2011}
}
@article{petersilia2014,
  title={California prison downsizing and its impact on local criminal justice systems},
  author={Petersilia, Joan},
  journal={Harvard Law \& Policy Review},
  volume={8},
  number={2},
  year={2014}
}

@article{pelucchi2013,
  title={Self-forgiveness in romantic relationships: It matters to both of us.},
  author={Pelucchi, Sara and Paleari, F Giorgia and Regalia, Camillo and Fincham, Frank D},
  journal={Journal of Family Psychology},
  volume={27},
  number={4},
  pages={541},
  year={2013},
  publisher={American Psychological Association}
}

@article{mullet2004,
  title={Conceptualizations of forgiveness},
  author={Mullet, Etienne and Girard, Michelle and Bakhshi, Parul},
  journal={European psychologist},
  volume={9},
  number={2},
  pages={78--86},
  year={2004},
  publisher={Hogrefe \& Huber Publishers}
}

@article{chiaramello2008,
  title={Seeking forgiveness: Factor structure, and relationships with personality and forgivingness},
  author={Chiaramello, St{\'e}phanie and Sastre, Maria Teresa Mu{\~n}oz and Mullet, Etienne},
  journal={Personality and Individual Differences},
  volume={45},
  number={5},
  pages={383--388},
  year={2008},
  publisher={Elsevier}
}

@article{caliendo2008,
  title={Some practical guidance for the implementation of propensity score matching},
  author={Caliendo, Marco and Kopeinig, Sabine},
  journal={Journal of economic surveys},
  volume={22},
  number={1},
  pages={31--72},
  year={2008},
  publisher={Wiley Online Library}
}

@article{stuart2014,
  title={Using propensity scores in difference-in-differences models to estimate the effects of a policy change},
  author={Stuart, Elizabeth A and Huskamp, Haiden A and Duckworth, Kenneth and Simmons, Jeffrey and Song, Zirui and Chernew, Michael E and Barry, Colleen L},
  journal={Health Services and Outcomes Research Methodology},
  volume={14},
  number={4},
  pages={166--182},
  year={2014},
  publisher={Springer}
}

@article{becker2002ichino,
  title={Estimation of average treatment effects based on propensity scores},
  author={Becker, Sascha O and Ichino, Andrea and others},
  journal={The stata journal},
  volume={2},
  number={4},
  pages={358--377},
  year={2002}
}

@article{lechner2002program,
  title={Program heterogeneity and propensity score matching: An application to the evaluation of active labor market policies},
  author={Lechner, Michael},
  journal={Review of Economics and Statistics},
  volume={84},
  number={2},
  pages={205--220},
  year={2002},
  publisher={MIT Press}
}

@article{rosenbaum1983,
  title={The central role of the propensity score in observational studies for causal effects},
  author={Rosenbaum, Paul R and Rubin, Donald B},
  journal={Biometrika},
  volume={70},
  number={1},
  pages={41--55},
  year={1983},
  publisher={JSTOR}
}

@article{dehejia2002,
  title={Propensity score-matching methods for nonexperimental causal studies},
  author={Dehejia, Rajeev H and Wahba, Sadek},
  journal={Review of Economics and statistics},
  volume={84},
  number={1},
  pages={151--161},
  year={2002},
  publisher={MIT Press}
}

@article{harrison2004taxonomy,
  title={Field experiments},
  author={Harrison, Glenn W and List, John A},
  journal={Journal of Economic literature},
  volume={42},
  number={4},
  pages={1009--1055},
  year={2004},
  publisher={American Economic Association}
}

@unpublished{gibsonlight2016mustwork,
  title        = {Must Work for Food: The Politics of Nutrition and Informal Economy in an American Prison},
  year         = {2016},
  author       = {Gibson-Light, Michael},
  address      = {Seattle},
  note         = {Paper presented at the 111th ASA Annual Meeting, Seattle, 20-23 August}
}

@unpublished{Multistate2015,
     title = {Multistate Criminal History Patterns of Prisoners Released in 30 States},
     year = {2015},
     author = {Durose,Matthew R and Snyder,Howard N and Cooper, Alexia D.},
  note    = {Special Report, Bureau of Justice Statistics},
 }

@article{rousseau1998not,
  title={Not so different after all: A cross-discipline view of trust},
  author={Rousseau, Denise M and Sitkin, Sim B and Burt, Ronald S and Camerer, Colin},
  journal={Academy of management review},
  volume={23},
  number={3},
  pages={393--404},
  year={1998},
  publisher={Academy of Management}
}

@article{mayer1995integrative,
  title={An integrative model of organizational trust},
  author={Mayer, Roger C and Davis, James H and Schoorman, F David},
  journal={Academy of management review},
  volume={20},
  number={3},
  pages={709--734},
  year={1995},
  publisher={Academy of Management}
}

@article{guiso2008trusting,
  title={Trusting the stock market},
  author={Guiso, Luigi and Sapienza, Paola and Zingales, Luigi},
  journal={the Journal of Finance},
  volume={63},
  number={6},
  pages={2557--2600},
  year={2008},
  publisher={Wiley Online Library}
}

@article{sapienza2013understanding,
  title={Understanding trust},
  author={Sapienza, Paola and Toldra-Simats, Anna and Zingales, Luigi},
  journal={The Economic Journal},
  volume={123},
  number={573},
  pages={1313--1332},
  year={2013},
  publisher={Wiley Online Library}
}

@article{chuang2015stability,
  title={Stability of experimental and survey measures of risk, time, and social preferences: A review and some new results},
  author={Chuang, Yating and Schechter, Laura},
  journal={Journal of Development Economics},
  volume={117},
  pages={151--170},
  year={2015},
  publisher={Elsevier}
}

@article{glaeser2000measuring,
  title={Measuring trust},
  author={Glaeser, Edward L and Laibson, David I and Scheinkman, Jose A and Soutter, Christine L},
  journal={The Quarterly Journal of Economics},
  volume={115},
  number={3},
  pages={811--846},
  year={2000},
  publisher={Oxford University Press}
}

@book{putnam1993,
	ISBN = {9780691037387},
	author = {Robert D. Putnam},
	publisher = {Princeton University Press},
	address ={Princeton},
	title = {Making Democracy Work: Civic Traditions in Modern Italy},
	year = {1993}
}

@book{fukuyama1995trust,
	title={Trust: The social virtues and the creation of prosperity},
	author={Fukuyama, Francis},
	address = {New York},
	year={1995},
	publisher={Free Press Paperbacks}
}

@article{fehr2009economics,
	title={On the economics and biology of trust},
	author={Fehr, Ernst},
	journal={Journal of the european economic association},
	volume={7},
	number={2-3},
	pages={235--266},
	year={2009},
	publisher={Wiley Online Library}
}

@article{paulle2017stumbling,
author = {Bowen Paulle},
title = {Stumbling on the rehabilitation gold? Foucault vs. Foucault in San Quentin and beyond},
journal = {Ethnography},
volume = {0},
number = {0},
pages = {0},
year = {2017},
doi = {10.1177/1466138116686803},
eprint ={http://dx.doi.org/10.1177/1466138116686803},
}

@article{blattman2017reducing,
  title={Reducing crime and violence: Experimental evidence from cognitive behavioral therapy in Liberia},
  author={Blattman, Christopher and Jamison, Julian C and Sheridan, Margaret},
  journal={The American Economic Review},
  volume={107},
  number={4},
  pages={1165--1206},
  year={2017},
  publisher={American Economic Association}
}

@book{warren1999democracy,
  title={Democracy and trust},
  author={Warren, Mark E},
  year={1999},
  publisher={Cambridge University Press},
  address={Cambridge}
}

@article{knack1997does,
  title={Does social capital have an economic payoff? A cross-country investigation},
  author={Knack, Stephen and Keefer, Philip},
  journal={The Quarterly journal of economics},
  volume={112},
  number={4},
  pages={1251--1288},
  year={1997},
  publisher={Oxford University Press}
}

@incollection{grimalda2011generalized,
  title={Generalized Trust: An Experimental Perspective},
  author={Grimalda, Gianluca and Mittone, Luigi},
  booktitle={Social Capital, Corporate Social Responsibility, Economic Behaviour and Performance},
  pages={260--281},
  year={2011},
  publisher={Palgrave Mac-Millan},
  address={London}
}